@misc{hepmc,
        title = {{A C++ Event Record for Monte Carlo Generators}},
        note = {http://lcgapp.cern.ch/project/simu/HepMC/}
}

@misc{heppdt,
        title = {{Particle Data Table Classes}},
        note = {http://lcgapp.cern.ch/project/simu/HepPDT/}
}

@misc{clhepweb,
        title = {{A Class Library for High Energy Physics}},
        note = {http://wwwasd.web.cern.ch/wwwasd/lhc++/clhep/}
}

@misc{rootweb,
        title = {{An Object-Oriented Data Analysis Framework}},
        note = {http://root.cern.ch/}
}
